<?xml version="1.0" encoding="UTF-8"?><collection xmlns="http://www.loc.gov/MARC21/slim"><record><leader>00571nam--2200181-i-4500</leader><controlfield tag="001">000032375</controlfield><controlfield tag="002">20161230</controlfield><controlfield tag="005">20161230201039</controlfield><controlfield tag="008">060222s1000------------r-----000-0-eng-d</controlfield><datafield ind1=" " ind2=" " tag="040"><subfield code="a">IFIN-HH</subfield></datafield><datafield ind1=" " ind2=" " tag="080"><subfield code="a">532.6(061.3)</subfield></datafield><datafield ind1="1" ind2=" " tag="100"><subfield code="a">Wijngaarden, Van L</subfield></datafield><datafield ind1="1" ind2="0" tag="245"><subfield code="a">Mechanics and physics of bubbles in liquids</subfield><subfield code="b">Proceedings iutam symposium, held in pasadena, california, 15-19 june 1981</subfield><subfield code="c">L. VAN WIJNGAARDEN (Ed.)</subfield></datafield><datafield ind1=" " ind2=" " tag="260"><subfield code="a">Boston, Martinus Nijhoff Publishers, 1982</subfield></datafield><datafield ind1=" " ind2=" " tag="300"><subfield code="a">392P</subfield></datafield><datafield ind1=" " ind2=" " tag="490"><subfield code="a">Proceedings</subfield></datafield><datafield ind1=" " ind2=" " tag="852"><subfield code="a">73165</subfield><subfield code="c">532</subfield></datafield><datafield ind1=" " ind2=" " tag="CAT"><subfield code="a">Sys</subfield><subfield code="c">20100723</subfield><subfield code="h">130257</subfield></datafield></record></collection>